<?xml version="1.0" encoding="UTF-8"?><collection xmlns="http://www.loc.gov/MARC21/slim"><record><leader>00470nam--2200133-i-4500</leader><controlfield tag="001">000019900</controlfield><controlfield tag="002">20161230</controlfield><controlfield tag="005">20161230201033</controlfield><controlfield tag="008">060222s1000------------r-----000-0-eng-d</controlfield><datafield ind1=" " ind2=" " tag="080"><subfield code="a">621.375.826(061.3)</subfield></datafield><datafield ind1=" " ind2=" " tag="245"><subfield code="a">Electro-optics/laser international 80 uk. brighton 25-27 march 1980.conference proceedings.conference organized by kiver communications ltd, 1980</subfield></datafield><datafield ind1=" " ind2=" " tag="260"><subfield code="a">Guildford, Ipc Science And Technology Press, 1980. 401 P</subfield></datafield><datafield ind1=" " ind2=" " tag="700"><subfield code="a">Jerrard, H.G</subfield></datafield><datafield ind1=" " ind2=" " tag="852"><subfield code="a">49006</subfield></datafield></record></collection>